@misc{tesla,
    title={Tesla Support Documentation}
    howpublished={https://www.tesla.com/ownersmanual/modely/en_us/GUID-EDA77281-42DC-4618-98A9-CC62378E0EC2.html}
    note={retreived April 2022}
}

@book{vazirani2001approximation,
  title={Approximation algorithms},
  author={Vazirani, Vijay V},
  volume={1},
  publisher={Springer}
}

